% mainfile:main.tex

@Book{foundations_gtk,
  author = {Beck, Kent.},
  title = {Foundations of GTK+ Development},
  publisher = {Apress},
  year = {},
  series = {}
}

@Book{gnome_guide,
  author = {Warkus, Matthias.},
  title = {The Official GNOME 2 developer's guide},
  publisher = {},
  year = {2004},
  series = {},
  isbn = {978-1-59327-030-8}
}

@Book{extreme_programming,
  author = {Newkirk, James and Martin, Robert.},
  title = {La programaci\'on extrema en la pr\'actica.},
  publisher = {Addison Wesley},
  year = {2002}
}

@Book{extreme_programming2,
  author = {Beck, Kent.},
  title = {Una explicaci\'on de la programaci\'on extrema. Aceptar el cambio.},
  publisher = {Addison Wesley},
  year = {2002},
  series = {}
}

@Manual{gtk_documentation,
  author = {GTK+ developers},
  title = {GTK+ API}
}

@Article{blog_ryan,
  author = {Ryan Lortie},
  title = {Blog posts about GSettings},
  publisher = {http://blogs.gnome.org/desrt/}
}

@Manual{hig_gnome,
  author = {Calum Benson and Bryan Clark},
  title = {GNOME Human Interface Guidelines}
}
